@inbook{Kaymak18,
    author = {Kaymak, Çağrı and Uçar, Ayşegül},
    year = {2018},
    month = {08},
    pages = {1},
    title = {A Brief Survey and an Application of Semantic Image Segmentation for Autonomous Driving},
    journal = {Smart Innovation, Systems and Technologies},
    doi = {10.1007/978-3-030-11479-4_9}
}

@inproceedings{Treml18,
author = {Treml, Michael and Arjona-Medina, Jose and Unterthiner, Thomas and Durgesh, Rupesh and Friedmann, Felix and Schuberth, Peter and Mayr, Andreas and Heusel, Martin and Hofmarcher, Markus and Widrich, Michael and Nessler, Bernhard and Hochreiter, Sepp},
year = {2016},
month = {12},
pages = {},
title = {Speeding up Semantic Segmentation for Autonomous Driving}
}

@article{Ronneberger_2015,
   title={U-Net: Convolutional Networks for Biomedical Image Segmentation},
   ISBN={9783319245744},
   ISSN={1611-3349},
   url={http://dx.doi.org/10.1007/978-3-319-24574-4_28},
   DOI={10.1007/978-3-319-24574-4_28},
   journal={Medical Image Computing and Computer-Assisted Intervention – MICCAI 2015},
   publisher={Springer International Publishing},
   author={Ronneberger, Olaf and Fischer, Philipp and Brox, Thomas},
   year={2015},
   pages={234–241}
}

@misc{yu18,
    title={BDD100K: A Diverse Driving Dataset for Heterogeneous Multitask Learning},
    author={Fisher Yu and Haofeng Chen and Xin Wang and Wenqi Xian and Yingying Chen and Fangchen Liu and Vashisht Madhavan and Trevor Darrell},
    year={2018},
    eprint={1805.04687},
    archivePrefix={arXiv},
    primaryClass={cs.CV}
}

@INPROCEEDINGS{Fritsch13,
  author = {Jannik Fritsch and Tobias Kuehnl and Andreas Geiger},
  title = {A New Performance Measure and Evaluation Benchmark for Road Detection Algorithms},
  booktitle = {International Conference on Intelligent Transportation Systems (ITSC)},
  year = {2013}
}

@misc{Cordts16,
    title={The Cityscapes Dataset for Semantic Urban Scene Understanding},
    author={Marius Cordts and Mohamed Omran and Sebastian Ramos and Timo Rehfeld and Markus Enzweiler and Rodrigo Benenson and Uwe Franke and Stefan Roth and Bernt Schiele},
    year={2016},
    eprint={1604.01685},
    archivePrefix={arXiv},
    primaryClass={cs.CV}
}

@INPROCEEDINGS{Neuhold17,  author={G. {Neuhold} and T. {Ollmann} and S. R. {Bulò} and P. {Kontschieder}},  booktitle={2017 IEEE International Conference on Computer Vision (ICCV)},  title={The Mapillary Vistas Dataset for Semantic Understanding of Street Scenes},   year={2017},  volume={},  number={},  pages={5000-5009}}

@article{zhou18,
  title={Semantic understanding of scenes through the ade20k dataset},
  author={Zhou, Bolei and Zhao, Hang and Puig, Xavier and Xiao, Tete and Fidler, Sanja and Barriuso, Adela and Torralba, Antonio},
  journal={International Journal on Computer Vision},
  year={2018}
}

@article{Wang19,
  title={Deep High-Resolution Representation Learning for Visual Recognition},
  author={Jingdong Wang and Ke Sun and Tianheng Cheng and 
          Borui Jiang and Chaorui Deng and Yang Zhao and Dong Liu and Yadong Mu and 
          Mingkui Tan and Xinggang Wang and Wenyu Liu and Bin Xiao},
  journal   = {TPAMI},
  year={2019}
}

@article{He16,
   title={Deep Residual Learning for Image Recognition},
   ISBN={9781467388511},
   url={http://dx.doi.org/10.1109/cvpr.2016.90},
   DOI={10.1109/cvpr.2016.90},
   journal={2016 IEEE Conference on Computer Vision and Pattern Recognition (CVPR)},
   publisher={IEEE},
   author={He, Kaiming and Zhang, Xiangyu and Ren, Shaoqing and Sun, Jian},
   year={2016},
   month={Jun}
}

@article{Howard17,
author = {Howard, Andrew and Zhu, Menglong and Chen, Bo and Kalenichenko, Dmitry and Wang, Weijun and Weyand, Tobias and Andreetto, Marco and Adam, Hartwig},
year = {2017},
month = {04},
pages = {},
title = {MobileNets: Efficient Convolutional Neural Networks for Mobile Vision Applications}
}


@article{Zhao17,
   title={Pyramid Scene Parsing Network},
   ISBN={9781538604571},
   url={http://dx.doi.org/10.1109/CVPR.2017.660},
   DOI={10.1109/cvpr.2017.660},
   journal={2017 IEEE Conference on Computer Vision and Pattern Recognition (CVPR)},
   publisher={IEEE},
   author={Zhao, Hengshuang and Shi, Jianping and Qi, Xiaojuan and Wang, Xiaogang and Jia, Jiaya},
   year={2017},
   month={Jul}
}

@article{Xiao18,
   title={Unified Perceptual Parsing for Scene Understanding},
   ISBN={9783030012281},
   ISSN={1611-3349},
   url={http://dx.doi.org/10.1007/978-3-030-01228-1_26},
   DOI={10.1007/978-3-030-01228-1_26},
   journal={Lecture Notes in Computer Science},
   publisher={Springer International Publishing},
   author={Xiao, Tete and Liu, Yingcheng and Zhou, Bolei and Jiang, Yuning and Sun, Jian},
   year={2018},
   pages={432–448}
}
